@ARTICLE{our,
author={M. Molina-Moreno and I. Gonz\'alez-D\'iaz and F. D\'iaz-de-Mar\'ia},
journal={IEEE Transactions on Intelligent Transportation Systems},
title={Efficient Scale-Adaptive License Plate Detection System},
year={2018},
volume={},
number={},
pages={1-13},
doi={10.1109/TITS.2018.2859035},
ISSN={1524-9050},
month={}}

@article{torralba,
 author = {Torralba, Antonio and Murphy, Kevin P. and Freeman, William T.},
 title = {Sharing Visual Features for Multiclass and Multiview Object Detection},
 journal = {IEEE Trans. Pattern Anal. Mach. Intell.},
 volume = {29},
 number = {5},
 year = {2007},
 issn = {0162-8828},
 pages = {854--869},
 url = {https://doi.org/10.1109/TPAMI.2007.1055},
 doi = {10.1109/TPAMI.2007.1055},
 publisher = {IEEE Computer Society}
}

@misc{baseline,
url = {http://people.csail.mit.edu/torralba/shortCourseRLOC/boosting/boosting.html},
title = {Simple object detector with boosting},
author = {Torralba, Antonio and Murphy, Kevin P. and Freeman, William T.},
year = {2004}
} 

@misc{labelme,
url = {http://people.csail.mit.edu/torralba/LabelMeToolbox/},
title = {{LabelMe} toolbox for {MATLAB}},
author = {Torralba, Antonio and Russell, Bryan and Freeman, William T.},
year = {2007}
} 

@misc{pascalvoc,
url = {http://host.robots.ox.ac.uk/pascal/VOC/PAScode.tar.gz},
title = {{PASCAL VOC} annotation software},
author = {{PASCAL2Network of Excellence on Pattern Analysis, Statistical Modelling and Computational Learning}},
year = {2005}
} 

@misc{vlfeat,
 Author = {A. Vedaldi and B. Fulkerson},
 Title = {{VLFeat}: An Open and Portable Library
          of Computer Vision Algorithms},
 Year  = {2008},
 url = {http://www.vlfeat.org/}
}

@ARTICLE{aolp,
author={G. Hsu and J. Chen and Y. Chung},
journal={IEEE Transactions on Vehicular Technology},
title={Application-Oriented License Plate Recognition},
year={2013},
volume={62},
number={2},
pages={552-561},
doi={10.1109/TVT.2012.2226218},
ISSN={0018-9545}
}

@misc{dlagnekov,
 Author = {L. Dlagnekov and S. Belongie},
 Title = {{UCSD/Calit2 Car License Plate, Make and Model Database}},
 Year  = {2007},
 url = {http://vision.ucsd.edu/car_data.html}
}

@misc{caltech,
 Author = {Markus Weber},
 Title = {{Caltech Car Rear Dataset}},
 Year  = {1999},
 url = {http://www.vision.caltech.edu/Image_Datasets/cars_markus/cars_markus.tar}
}
